@article{brinkhoff2002framework,
  title={A framework for generating network-based moving objects},
  author={Brinkhoff, Thomas},
  journal={GeoInformatica},
  volume={6},
  number={2},
  pages={153--180},
  year={2002},
  publisher={Springer}
}

@article{alt1995computing,
  title={Computing the Fr{\'e}chet distance between two polygonal curves},
  author={Alt, Helmut and Godau, Michael},
  journal={International Journal of Computational Geometry \& Applications},
  volume={5},
  number={01n02},
  pages={75--91},
  year={1995},
  publisher={World Scientific}
}

@inproceedings{nergiz2008towards,
  title={Towards trajectory anonymization: a generalization-based approach},
  author={Nergiz, Mehmet Ercan and Atzori, Maurizio and Saygin, Yucel},
  booktitle={Proceedings of the SIGSPATIAL ACM GIS 2008 International Workshop on Security and Privacy in GIS and LBS},
  pages={52--61},
  year={2008}
}

@article{domingomicroaggregation,
  title={Microaggregation-and Permutation-Based Anonymization of Mobility Data},
  author={Domingo-Ferrer, Josep and Trujillo-Rasua, Rolando}
}

@article{sweeney2002k,
  title={k-anonymity: A model for protecting privacy},
  author={Sweeney, Latanya},
  journal={International Journal of Uncertainty, Fuzziness and Knowledge-Based Systems},
  volume={10},
  number={05},
  pages={557--570},
  year={2002},
  publisher={World Scientific}
}

@inproceedings{tu2017beyond,
  title={Beyond k-anonymity: protect your trajectory from semantic attack},
  author={Tu, Zhen and Zhao, Kai and Xu, Fengli and Li, Yong and Su, Li and Jin, Depeng},
  booktitle={2017 14th Annual IEEE International Conference on Sensing, Communication, and Networking (SECON)},
  pages={1--9},
  year={2017},
  organization={IEEE}
}

@article{gkoulalas2010providing,
  title={Providing k-anonymity in location based services},
  author={Gkoulalas-Divanis, Aris and Kalnis, Panos and Verykios, Vassilios S},
  journal={ACM SIGKDD explorations newsletter},
  volume={12},
  number={1},
  pages={3--10},
  year={2010},
  publisher={ACM New York, NY, USA}
}

@inproceedings{yarovoy2009anonymizing,
  title={Anonymizing moving objects: How to hide a mob in a crowd?},
  author={Yarovoy, Roman and Bonchi, Francesco and Lakshmanan, Laks VS and Wang, Wendy Hui},
  booktitle={Proceedings of the 12th International Conference on Extending Database Technology: Advances in Database Technology},
  pages={72--83},
  year={2009}
}

@article{sharma2019map,
  title={Map matching algorithm: curve simplification for Frechet distance computing and precise navigation on road network using RTKLIB},
  author={Sharma, Kanta Prasad and Pooniaa, Ramesh C and Sunda, Surendra},
  journal={Cluster Computing},
  volume={22},
  number={6},
  pages={13351--13359},
  year={2019},
  publisher={Springer}

@inproceedings{domingo2010privacy,
  title={Privacy-preserving publication of trajectories using microaggregation},
  author={Domingo-Ferrer, Josep and Sramka, Michal and Trujillo-Ras{\'u}a, Rolando},
  booktitle={Proceedings of the 3rd ACM SIGSPATIAL International Workshop on Security and Privacy in GIS and LBS},
  pages={26--33},
  year={2010}
}

@article{sweeney2002k,
  title={k-anonymity: A model for protecting privacy},
  author={Sweeney, Latanya},
  journal={International Journal of Uncertainty, Fuzziness and Knowledge-Based Systems},
  volume={10},
  number={05},
  pages={557--570},
  year={2002},
  publisher={World Scientific}
}
@inproceedings{terrovitis2008privacy,
  title={Privacy preservation in the publication of trajectories},
  author={Terrovitis, Manolis and Mamoulis, Nikos},
  booktitle={The Ninth International Conference on Mobile Data Management (mdm 2008)},
  pages={65--72},
  year={2008},
  organization={IEEE}
}
@article{domingo2012microaggregation,
  title={Microaggregation-and permutation-based anonymization of movement data},
  author={Domingo-Ferrer, Josep and Trujillo-Rasua, Rolando},
  journal={Information Sciences},
  volume={208},
  pages={55--80},
  year={2012},
  publisher={Elsevier}
}

@article{brinkhoff2002framework,
  title={A framework for generating network-based moving objects},
  author={Brinkhoff, Thomas},
  journal={GeoInformatica},
  volume={6},
  number={2},
  pages={153--180},
  year={2002},
  publisher={Springer}
}
